@article{sankey_srd,
  author    = {A. D. Sankey},
  title     = {On strongly regular designs admitting fusion to strongly regular decomposition},
  journal   = {Journal of Combinatorial Designs},
  volume    = {29},
  number    = {10},
  year      = {2021},
  month     = {July},
  doi       = {10.1002/jcd.21798},
  url       = {https://doi.org/10.1002/jcd.21798},
}

@article{greaves2024coherentrankgrapheigenvalues,
      title={The coherent rank of a graph with three eigenvalues}, 
      author={Gary Greaves and Jose Yip},
      year={2024},
      journal={ArXiv:2406.17395},
      eprint={2406.17395},
      archivePrefix={arXiv},
      primaryClass={math.CO},
      url={https://arxiv.org/abs/2406.17395}, 
}

@article{Asgarli_2022,
   title={The EKR-Module Property of Pseudo-Paley Graphs of Square Order},
   volume={29},
   ISSN={1077-8926},
   url={http://dx.doi.org/10.37236/10962},
   DOI={10.37236/10962},
   number={4},
   journal={The Electronic Journal of Combinatorics},
   publisher={The Electronic Journal of Combinatorics},
   author={Asgarli, Shamil and Goryainov, Sergey and Lin, Huiqiu and Yip, Chi Hoi},
   year={2022},
   month=dec }

@misc{sagemath_OA,
  author       = {{SageMath Developers}},
  title        = {Orthogonal Array Block Graph - SageMath Documentation},
  year         = {2025},
  url          = {https://doc.sagemath.org/html/en/reference/graphs/sage/graphs/graph_generators.html#sage.graphs.graph_generators.GraphGenerators.OrthogonalArrayBlockGraph},
  note         = {Accessed: 2025-01-14}
}

@misc{sagemath_complete_graph,
  author       = {{SageMath Developers}},
  title        = {Complete Graph - SageMath Documentation},
  year         = {2025},
  url          = {https://doc.sagemath.org/html/en/reference/graphs/sage/graphs/graph_generators.html#sage.graphs.graph_generators.GraphGenerators.CompleteGraph},
  note         = {Accessed: 2025-01-14}
}

@misc{sagemath_line_graph,
  author       = {{SageMath Developers}},
  title        = {Line Graph - SageMath Documentation},
  year         = {2025},
  url          = {https://doc.sagemath.org/html/en/reference/graphs/sage/graphs/line_graph.html#sage.graphs.line_graph.line_graph},
  note         = {Accessed: 2025-01-14}
}

@misc{reichard_weisfeiler,
  author       = {Sven Reichard},
  title        = {Weisfeiler-Leman Stabilization Code},
  year         = {2025},
  url          = {https://github.com/sven-reichard/stabilization/blob/master/weisfeiler.org},
  note         = {Accessed: 2025-01-14}
}

@book{brouwer2012spectra,
  title={Spectra of Graphs},
  author={Brouwer, Andries E. and Haemers, Willem H.},
  year={2012},
  publisher={Springer},
  series={Universitext}
}

@book{godsil2001algebraic,
  title={Algebraic Graph Theory},
  author={Godsil, Chris and Royle, Gordon},
  year={2001},
  publisher={Springer},
  series={Graduate Texts in Mathematics},
  volume={207}
}

@book{bannai1984algebraic,
  title={Algebraic Combinatorics I: Association Schemes},
  author={Bannai, Eiichi and Ito, Tatsuro},
  year={1984},
  publisher={Benjamin/Cummings Publishing Company}
}

@incollection{euler-36-officers-problem,
  author    = {Euler, Leonhard},
  title     = {Recherches sur une nouvelle espece des quarres magiques},
  booktitle = {Leonardi Euleri Opera Omnia},
  series    = {Ser. I},
  volume    = {7},
  publisher = {Teubner},
  address   = {Berlin-Leipzig},
  pages     = {291--392},
  year      = {1923},
}

@article{Higman19,
  author    = {D. G. Higman},
  title     = {Coherent algebras},
  journal   = {Linear Algebra and its Applications},
  volume    = {93},
  year      = {1987},
  pages     = {209--239},
}

@book{wielandt,
  author    = {Helmut Wielandt},
  title     = {Finite Permutation Groups},
  publisher = {Academic Press},
  address   = {New York-London},
  year      = {1964}
}

@misc{ponomarenko_ccnotes,
  author       = {Ilia Ponomarenko},
  title        = {Coherent Configurations},
  year         = {2012},
  note         = {Lecture notes, available at \url{https://www.pdmi.ras.ru/~inp/ccNOTES.pdf}},
  howpublished = {\url{https://www.pdmi.ras.ru/~inp/ccNOTES.pdf}}
}